2190 3413
886 320 945 327 —
962 295 1124 339 clxxiii
1144 321 1198 327 --—

266 413 452 464 vicinus,
475 413 558 452 hoc
578 414 932 452 anniversarium
956 414 997 452 in
1023 413 1189 464 pulpito
1223 413 1423 451 nuntiare
1458 412 1724 463 parochiano
1756 423 1823 463 pe-

269 478 371 516 tenti
395 483 579 525 recusat,
601 490 650 516 ea
671 479 912 529 praesertim
932 480 1101 517 ratione
1123 479 1283 517 ductus
1304 477 1407 528 quia
1441 488 1489 515 ea
1520 478 1587 516 die
1610 478 1742 516 missa
1774 477 1822 515 de

263 544 403 592 requie
426 543 558 581 etiam
582 543 879 582 anniversaria
905 544 1069 582 cantari
1095 554 1177 582 non
1203 548 1353 593 potest.

313 619 438 659 Unde
459 619 673 670 quaeritur
696 632 703 658 :

314 695 356 734 '10
390 696 534 734 Utrum
553 696 760 745 parochus
790 696 913 734 Titius
932 696 1200 745 parochianis
1217 698 1302 735 suis
1322 697 1489 735 missam
1512 697 1559 734 de
1584 707 1666 745 qua
1687 707 1816 745 supra

255 773 332 810 pro
355 761 418 798 die
437 763 531 810 fesci
552 762 726 811 duplicis
748 761 920 810 majoris
933 761 1062 809 y'uoela
1085 762 1270 799 rubricas
1293 762 1486 809 nuntiare
1504 762 1634 810 possit
1656 764 1673 798 z?

313 837 355 874 20
386 839 441 876 An
466 838 620 876 Paulus
649 837 856 886 parochus
886 838 1113 885 prudenter
1145 849 1226 876 sese
1257 838 1421 885 flesset-lc
1459 838 1815 876 denunciationem

260 904 390 941 missae
412 903 626 942 cancamlae
648 903 688 941 in
707 903 906 952 parochia
929 903 1065 941 viem-a
1088 903 1309 941 omittendo
1332 907 1348 940 2²

839 1015 1030 1056 MENSE
1061 1015 1237 1056 JULIO.

314 1130 469 1168 Petrus
504 1140 724 1168 summam
757 1129 996 1180 quingenta
1028 1132 1255 1168 scutorum
1290 1130 1432 1169 vicino
1465 1130 1616 1181 Paulo7
1654 1131 1814 1183 absque

262 1206 408 1243 usura⁷
445 1195 631 1245 benigne
675 1195 924 1234 commodat
958 1200 1005 1232 ut
1037 1207 1086 1233 ex
1127 1206 1175 1233 ea
1212 1206 1368 1245 agrum
1400 1196 1625 1246 acquirere
1661 1197 1813 1235 valeat.

259 1260 440 1299 Interim
462 1260 510 1298 fir.
531 1265 592 1306 ut,
615 1260 668 1299 ad
692 1259 808 1298 Petri
832 1271 990 1310 preces,
1022 1259 1187 1298 Paulus
1210 1260 1350 1299 eidem
1384 1272 1546 1311 equum
1584 1261 1671 1300 fere
1704 1264 1812 1314 eJ‘us-

259 1327 358 1365 dem
382 1325 542 1365 valoris
563 1325 605 1363 in
632 1325 878 1376 precarium
900 1324 1098 1375 praebeat.
1156 1325 1294 1364 Paulo
1314 1331 1421 1376 post„
1444 1325 1610 1365 Paulus
1633 1327 1686 1366 ab
1709 1328 1814 1367 urbe

259 1391 521 1442 regrediens,
544 1390 589 1428 in
610 1389 774 1429 flumen
797 1389 956 1428 decidit
977 1395 1017 1427 et
1039 1389 1346 1437 submergitur.

315 1467 485 1516 Petrus,
509 1466 696 1506 creditor
717 1466 959 1516 quingenta
981 1470 1222 1516 scutorum,
1245 1466 1298 1504 ab
1323 1478 1453 1506 uxore
1476 1468 1673 1507 defuncti
1696 1474 1814 1509 certo

262 1532 465 1582 cognovit
486 1530 799 1582 patrimonium
824 1529 951 1568 Pauli
974 1540 1050 1580 par
1068 1540 1152 1568 non
1170 1542 1260 1569 esse
1279 1531 1329 1569 ad
1354 1531 1710 1572 satisfaciendum
1724 1534 1815 1585 plu—

259 1596 379 1636 ribus
401 1596 497 1635 aliis
520 1595 808 1635 creditoribus
826 1594 1355 1645 hypothecariisqnorum
1375 1596 1537 1635 credita
1552 1609 1632 1637 suo
1647 1600 1813 1649 potiora

261 1667 302 1701 et
332 1661 551 1700 anteriora
583 1665 718 1699 erant.
774 1660 888 1706 Quid
910 1660 1128 1710 agendum
1165 1659 1308 1711 Petro,
1340 1673 1390 1699 ne
1420 1672 1600 1700 summa·
1624 1663 1704 1702 sihi
1729 1670 1814 1704 tam

245 1727 507 1767 ‘necessaria
529 1726 582 1765 ab
604 1726 701 1764 aliis
723 1724 1014 1764 creditoribus
1036 1724 1354 1764 defraudetur?

313 1804 590 1843 Recordatur
610 1814 654 1841 se
676 1801 865 1853 quadam
889 1801 957 1840 die
979 1801 1198 1840 audivisse
1230 1802 1423 1841 amicum
1445 1806 1715 1845 sacerdotem
1737 1808 1820 1847 dis-

261 1874 475 1909 serentem
498 1869 548 1907 de
572 1867 741 1907 occulta
773 1866 1123 1917 compensatione
1158 1867 1221 1905 uti
1256 1868 1374 1906 licita
1407 1869 1517 1908 datis
1551 1871 1816 1921 quibusdam

260 1933 596 1975 conditionibus.
656 1933 777 1971 Patet
799 1932 933 1982 igitur
963 1943 1006 1970 se
1038 1931 1082 1969 in
1114 1933 1400 1982 praesentibus
1423 1935 1595 1974 occulta
1617 1948 1817 1989 compen-

258 2000 423 2040 satione
446 1999 562 2038 licite
584 1998 648 2037 uti
684 2008 817 2048 posse.
874 1997 942 2034 Ad
970 2007 1103 2046 quam
1141 2002 1283 2036 tamen
1319 1999 1565 2039 faciendam
1601 2009 1646 2040 ut
1681 2003 1817 2042 tutius

263 2065 476 2116 procedat,
499 2063 627 2102 falsat
649 2060 946 2114 syngrapham
969 2061 1068 2111 equi
1092 2062 1250 2113 recepti
1274 2075 1349 2113 pro
1370 2065 1611 2116 quingenta
1633 2068 1778 2107 scutis.

315 2126 638 2180 Patrimonium
660 2139 766 2178 adeo
802 2137 1011 2186 exiguum
1044 2144 1264 2189 repertum
1301 2140 1384 2178 fuit
1422 2146 1466 2179 nt
1500 2141 1644 2192 plures
1685 2145 1819 2183 oredi-

260 2211 374 2246 tores
395 2206 634 2245 anteriores
657 2205 725 2243 vix
747 2201 914 2254 aliquid
938 2205 1189 2253 receperint.

314 2283 472 2322 Paucis
494 2283 619 2320 annis
642 2281 712 2320 vix
735 2281 904 2333 elapsis,
937 2283 1093 2322 Petrus
1115 2282 1391 2322 conscientiae
1413 2283 1604 2322 stimulis
1635 2286 1819 2336 exagita-

261 2356 342 2402 tus,
365 2351 454 2390 adit
477 2350 668 2388 amicum
689 2349 957 2401 theologum,
995 2361 1084 2388 rem
1109 2354 1244 2388 totam
1265 2351 1402 2401 aperit
1423 2356 1463 2389 et
1485 2351 1538 2390 ab
1559 2363 1608 2391 eo
1631 2353 1817 2402 quaerit:

319 2426 354 2465 10
388 2427 580 2472 Quaenam
596 2427 845 2465 condiciones
868 2428 1146 2476 requiruntur
1168 2432 1213 2463 uc
1235 2429 1510 2475 compensatio
1533 2430 1689 2467 occulta
1705 2430 1818 2478 Jusce

260 2501 295 2532 el
318 2495 423 2533 licite
443 2494 514 2534 aaa
536 2496 554 2531 ?
1051 2488 1054 2492 ’

310 2571 352 2607 20
388 2570 532 2609 Utrum
554 2570 596 2609 in
617 2581 716 2609 casu
733 2572 797 2619 fas
819 2570 896 2608 sibi
913 2571 1039 2619 faerit
1065 2571 1124 2607 ιιιί
1146 2570 1303 2609 occulta
1324 2573 1652 2620 compensatione
1673 2574 1692 2610 ‚⁹

309 2783 448 2824 Titius
472 2784 674 2832 vicarius,
697 2784 834 2834 ipsius
858 2783 1046 2835 parocho
1079 2785 1301 2823 incassum
1334 2783 1598 2823 reclamante
1618 2798 1626 2824 :
1644 2818 1654 2824 ,
1672 2785 1712 2824 ’10
1744 2785 1817 2824 Mi·

258 2849 413 2888 nistrat
451 2849 522 2889 SS.
563 2847 886 2887 Eucharistiam
937 2854 1055 2887 extra
1106 2849 1299 2899 missam,
1350 2859 1438 2888 uno
1482 2854 1651 2889 tantum
1693 2861 1817 2890 cereo
