2190 3413
1023 317 1083 324 —
1099 290 1257 336 clxxiv
1277 315 1332 323 —-

398 421 577 450 accenso
599 410 649 449 ad
674 410 808 449 altare
844 409 1276 450 distributionis—20
1304 408 1489 456 Quando
1511 407 1813 447 celebraturus
1835 416 1950 446 acce-

397 475 459 513 dit
480 475 531 514 ad
555 475 704 525 altare,
737 474 916 514 calicem
939 479 1115 526 portans
1137 486 1267 526 super
1287 485 1420 525 quem
1439 473 1618 512 bursam
1640 483 1775 512 manu
1797 472 1948 511 dextra

399 544 526 591 tenet,
552 540 822 579 tabernaculi
844 540 1011 579 clavem
1042 540 1210 579 deferre
1241 550 1371 590 super
1405 538 1583 577 bursam
1617 539 1796 578 omniuo
1831 548 1950 576 recu·

397 609 474 655 sat,
496 615 583 644 non
607 604 804 644 obstante
821 605 949 657 jussu
972 604 1147 644 formali
1165 603 1442 655 parochi‚cui
1460 604 1502 642 iu
1523 602 1606 643 hoc
1627 607 1790 654 puncto
1805 603 1950 641 renuit

397 670 657 720 parere—30
687 669 872 714 Missale,
913 670 957 708 in
1000 670 1078 708 bac
1118 669 1313 719 ecclesia,
1351 680 1374 707 a
1414 668 1593 707 sacrista
1633 672 1731 707 ante
1770 667 1948 706 missam

398 746 528 785 super
559 734 694 773 altare
724 735 969 786 deponitur.
1026 735 1229 773 Vicarius
1250 733 1365 773 hanc
1386 733 1751 773 consuetudinem
1773 744 1798 771 a
1820 731 1951 784 longo

399 804 591 850 tempore
613 800 837 839 inductam
858 800 1049 851 damnat,
1071 804 1111 839 et
1150 800 1266 852 jubet
1300 800 1474 840 missale
1509 800 1590 839 sibi
1622 802 1871 851 praesentari
1906 801 1951 839 in

399 865 594 903 sacristia
616 870 714 904 ante
736 865 914 904 missam
938 870 985 904 ut
1007 865 1114 904 inibi
1138 866 1285 905 omnia
1317 866 1552 917 perquirat,
1584 865 1813 917 signacula
1843 865 1954 906 ordi-

400 934 483 968 net.

457 1006 559 1051 Quid
581 1008 799 1046 dicendum
822 1008 869 1045 de
892 1008 968 1047 hac
984 1008 1160 1057 parochi
1182 1014 1217 1045 et
1239 1009 1387 1047 vicarii
1407 1009 1556 1058 agendi
1576 1010 1736 1048 ratione
1757 1012 1776 1047 32

933 1131 1124 1171 MENSE
1175 1132 1422 1172 OCTOBRI

722 1245 803 1289 (Fit
824 1245 978 1285 electio
1000 1247 1218 1285 secretarii
1252 1258 1324 1298 per
1345 1248 1635 1297 scrutinium.)

455 1368 676 1416 Quaeritur
695 1381 702 1408 :

464 1446 498 1484 1υ
532 1446 724 1490 (nicenam
745 1451 839 1484 sunt
860 1446 1108 1484 conditiones
1130 1446 1336 1494 requisitae
1367 1447 1421 1484 ad
1452 1447 1524 1486 hoc
1553 1453 1597 1485 ut
1627 1448 1769 1498 aliqua
1801 1449 1954 1489 veritas

404 1513 454 1550 sit
475 1512 708 1561 formaliter
727 1511 774 1549 cle
789 1510 869 1560 ficte
890 1512 908 1548 ?

459 1587 501 1626 ΞΟ
534 1588 725 1633 Quaenam
746 1593 841 1625 sunt
864 1587 1032 1625 diversa?
1052 1598 1232 1626 censurae
1261 1587 1486 1638 theologicae
1519 1589 1665 1638 quibus
1695 1590 1839 1640 aliqua
1865 1602 1959 1640 pro-

401 1655 548 1703 positio
570 1654 708 1692 notari
725 1658 853 1702 potest
875 1654 892 1690 ‚9

459 1731 500 1769 30
530 1733 587 1768 An
611 1730 970 1779 tuta-‚conscientia
991 1729 1188 1767 sustineri
1205 1731 1332 1778 possit
1357 1741 1620 1780 quaecumque
1650 1732 1851 1770 sententia
1871 1732 1960 1782 phi-

405 1796 611 1845 losophica
651 1801 722 1833 aut
764 1794 987 1843 theologica
1024 1805 1111 1843 quae
1144 1806 1221 1832 non
1255 1795 1305 1832 sil
1343 1795 1577 1842 formaliter
1608 1796 1658 1834 ab
1690 1796 1863 1835 Ecclesia
1895 1797 1960 1835 de·

403 1862 521 1908 finita
541 1862 559 1898 ἰ)

460 2081 508 2120 lu
533 2080 906 2132 semiduplicibus,
929 2079 1180 2131 aliquando,
1212 2080 1254 2118 iu
1291 2079 1506 2131 parochiis
1539 2081 1777 2131 praesertim
1814 2080 1960 2120 civita-

408 2152 516 2195 tum,
573 2145 905 2185 occurrentibus
944 2144 1139 2195 exequiis
1178 2144 1462 2194 solemnibus,
1503 2149 1658 2196 praeter
1695 2145 1874 2184 missam
1912 2146 1960 2184 de

408 2213 548 2262 requie
570 2215 804 2260 cantatam,
827 2210 964 2261 aliqui
987 2210 1231 2249 sacerdotes
1253 2210 1366 2248 iutra
1392 2210 1588 2249 eamdem
1621 2221 1749 2262 super
1778 2210 1963 2250 diversis

412 2277 606 2329 ejusdem
638 2275 829 2315 ecclesiae
860 2274 1071 2313 altaribus
1104 2275 1256 2313 missas
1286 2276 1333 2312 cle
1353 2277 1495 2325 requie
1524 2275 1714 2326 privatas
1744 2274 1965 2314 celebrant

406 2353 482 2392 pro
504 2341 655 2380 eodem
678 2339 895 2379 defuncto.

466 2418 659 2463 Qucenam
680 2417 807 2455 missa
828 2416 999 2454 (licenda
1030 2416 1121 2454 sit?
1178 2416 1235 2453 Αη
1266 2426 1311 2453 ea
1344 2426 1432 2464 quae
1462 2416 1702 2454 inscribitur
1733 2416 1771 2454 ιή
1803 2415 1964 2454 missali

406 2495 483 2532 pro
516 2483 579 2520 (lie
613 2482 743 2520 obitus
774 2492 866 2520 eam
900 2481 1021 2519 unica
1054 2480 1237 2518 oratione
1277 2485 1312 2517 et
1343 2478 1445 2518 Dies
1466 2479 1556 2529 irae,
1589 2481 1652 2518 vel
1684 2481 1811 2519 missa
1833 2481 1963 2530 quoti·

410 2548 534 2586 diana
556 2559 630 2597 pro
653 2548 840 2594 defuncto
861 2548 879 2582 ⁶!
