2268 3517
591 581 1081 646 QUAESTIONES
1115 583 1330 642 ANNO
1366 585 1508 644 1892

364 719 621 740 COLLA'I'IONIBUS
644 719 861 741 '1¹111-:0LOG1018
886 720 1113 742 DlSCUTIENDAE
1140 721 1172 742 IN
1196 721 1437 744 ARCHIDIOECESI
1461 723 1666 749 QUEBECENS!
1683 717 1733 755 (a)

789 931 979 972 MENSE
1009 933 1317 974 JANUARIO.

324 1045 510 1094 (Leyacur
530 1051 618 1095 post
641 1046 851 1085 lectionem
884 1048 1148 1095 praecedentis
1181 1048 1410 1088 collationis
1438 1051 1641 1090 articulus
1673 1050 1830 1091 Conse-

270 1118 420 1147 rences
441 1109 796 1161 ecclesiastiqnes
820 1111 861 1148 in
886 1111 1121 1162 Disciplina,
1145 1123 1238 1162 pag.
1261 1112 1386 1159 38...)

322 1187 467 1234 Caius,
509 1185 750 1237 agricultor
794 1185 1001 1237 locuples,
1053 1186 1199 1238 plures
1230 1187 1361 1227 habet
1393 1191 1614 1241 operarios
1653 1193 1728 1243 qui
1772 1193 1822 1232 ad

270 1264 425 1300 agrum
448 1263 578 1290 suum
601 1250 836 1290 colendum
858 1262 1033 1302 operam
1057 1252 1291 1305 praebeant,
1317 1253 1672 1308 quibuscumque
1711 1259 1830 1309 saepi-

272 1331 322 1357 us
343 1318 432 1369 ipse
454 1316 707 1356 collaborat.
765 1315 932 1355 Diebus
954 1321 1098 1355 tamen
1116 1317 1274 1369 jejunii
1297 1318 1348 1357 de
1370 1325 1598 1372 praecepto,
1615 1334 1651 1360 v,
1668 1334 1705 1373 g.
1726 1328 1826 1362 tem·

270 1395 372 1435 pore
395 1382 609 1422 adventus
630 1386 671 1420 et
692 1381 1054 1432 quadragesimae,
1088 1382 1292 1433 operibus
1313 1383 1530 1435 imprimis
1552 1387 1702 1426 arduis
1724 1399 1825 1428 cum

271 1447 480 1499 operariis
504 1453 627 1486 vacat
648 1453 687 1485 et
710 1446 900 1485 multum
924 1447 1084 1486 insistit
1106 1459 1155 1486 ea
1176 1449 1433 1500 intentione⁷
1470 1456 1516 1489 ut
1537 1452 1691 1492 exinde
1714 1454 1828 1493 defa-

273 1514 449 1564 tigatus,
473 1512 549 1551 fiat
570 1513 785 1563 impotens
807 1512 860 1550 ad
879 1512 1112 1563 jejunium.

327 1589 558 1632 Praeterea,
577 1588 691 1627 idem
714 1587 860 1639 Caius,
878 1588 1069 1638 quadam
1088 1589 1155 1627 die
1174 1589 1396 1641 jejunium
1414 1592 1560 1631 omisit
1582 1593 1635 1632 ad
1656 1605 1830 1633 sumen-

273 1656 380 1695 dum
402 1654 665 1693 medicinam
688 1664 710 1691 a
734 1653 902 1692 medico
924 1653 1004 1692 sibi
1028 1655 1338 1707 preescriptam7
1368 1657 1493 1708 cujus
1515 1660 1707 1710 sumptio
1725 1670 1827 1699 cum

272 1718 437 1771 jejunio
460 1718 662 1769 componi
686 1729 772 1757 non
795 1723 976 1768 poterat,
1000 1730 1253 1769 quanquam
1288 1720 1412 1759 facile
1443 1723 1665 1772 potionem
1697 1725 1829 1764 medi-

272 1795 364 1823 cam
389 1784 441 1823 ad
464 1782 595 1822 aliam
618 1783 733 1822 diem
756 1782 930 1822 differre
953 1783 1174 1834 potuisset.

323 1859 516 1898 Tandem
537 1871 678 1910 quum
699 1858 817 1898 filius
849 1858 968 1898 illius
1001 1860 1044 1897 in
1066 1861 1271 1900 morbum
1293 1874 1472 1912 gravem
1506 1864 1741 1918 incidisset,
1765 1866 1819 1906 ad

271 1925 487 1964 auxilium
509 1935 750 1976 supernum
773 1925 1056 1975 exorandum,
1080 1926 1196 1976 piam
1218 1929 1614 1977 peregrinationem
1635 1931 1689 1969 ad
1708 1942 1827 1970 sanc-

271 1990 467 2029 tuarium
491 1989 634 2028 Beatae
654 1989 794 2028 Annae
817 1989 869 2027 de
891 1989 1104 2040 Beaupre,
1123 1990 1191 2029 die
1210 1992 1383 2043 Jejunii,
1406 1995 1602 2043 pedester
1623 1996 1827 2047 suscepit.

275 2055 455 2106 Exinde,
478 2054 647 2094 viribus
670 2054 847 2102 fractus,
871 2066 893 2092 a
911 2054 1080 2106 jejunio
1102 2055 1324 2096 abstinuit.

321 2131 533 2185 Tempore
566 2142 758 2169 recessus
789 2130 1031 2181 spiritualis
1066 2131 1110 2169 in
1133 2133 1339 2182 parochia
1376 2133 1531 2186 habiti,
1554 2135 1646 2176 haec
1677 2137 1825 2177 omnia

270 2207 415 2236 secum
441 2195 668 2235 revolvens
691 2195 846 2234 anxius
869 2195 1019 2243 evasit,
1036 2201 1076 2234 et
1098 2197 1244 2236 statim
1261 2198 1578 2239 confessarium
1597 2201 1748 2241 adiens
1769 2202 1823 2241 ab

269 2271 319 2299 eo
340 2261 498 2311 quaerit
517 2272 525 2298 :

321 2335 362 2376 10
392 2338 450 2376 An
484 2347 615 2376 causae
648 2337 896 2386 supradictae
926 2338 1081 2381 fuerint
1116 2339 1354 2387 sufficientes
1394 2341 1448 2378 ad
1480 2343 1765 2381 excusandum
1798 2356 1821 2382 a

265 2401 427 2451 jejunio
448 2404 466 2439 P

331 2477 375 2515 20
405 2479 463 2517 Αη
483 2478 661 2527 potuerit
684 2478 841 2516 easdem
866 2478 1097 2517 voluntarie
1118 2491 1266 2527 ponere
1287 2483 1305 2517 ⁶?

313 2752 364 2791 (α)
382 2752 468 2782 O’est
485 2762 545 2781 une
561 2752 739 2790 obligation
755 2753 923 2783 ‹l’assister
939 2763 1003 2783 aux
1020 2753 1237 2788 confflrcnces,
1255 2756 1363 2794 quand
1386 2764 1424 2784 on
1449 2756 1523 2785 n'en
1540 2761 1589 2786 est
1605 2766 1661 2796 pas
1677 2760 1827 2797 exempte

273 2813 331 2844 par
347 2814 408 2834 une
427 2806 531 2835 raison
549 2806 720 2834 suffisante·
763 2805 793 2834 11
822 2806 892 2835 faut
918 2807 967 2843 s’y
992 2808 1144 2846 preparet
1170 2816 1248 2836 avec
1274 2808 1355 2836 soin.
1401 2808 1459 2837 Les
1477 2809 1607 2838 absents
1624 2810 1753 2839 doivent
1771 2820 1827 2839 en-

268 2865 367 2894 voyer
390 2866 429 2885 au
459 2857 627 2886 president
653 2858 697 2886 les
730 2859 850 2887 raisons
876 2859 914 2887 de
938 2859 1008 2887 leur
1033 2859 1180 2889 absence.
1228 2860 1270 2888 Le
1293 2860 1462 2890 President
1484 2866 1533 2890 cst
1556 2863 1584 2891 lc
1611 2862 1692 2892 Cure
1709 2864 1737 2892 lo
1754 2865 1826 2902 plus

267 2909 381 2937 ancien
399 2918 457 2948 par
472 2909 694 2938 l’orffination.
742 2909 784 2938 Le
801 2911 980 2939 Seoretaire
997 2915 1044 2939 est
1062 2911 1162 2940 ohoisi
1180 2920 1239 2950 par
1260 2913 1303 2941 les
1319 2913 1475 2942 membres
1493 2914 1530 2942 de
1550 2915 1581 2943 {a
1597 2915 1795 2945 consol-cuce.
